@proceedings{kwon1,
author = {Kwon, Young Ho and Niels da Vitoria Lobo},
title = {Locating facial features for age classification},
journal = {Proc. SPIE},
volume = {2055},
number = {},
pages = {62-72},
year = {1993},
doi = {10.1117/12.150184},
URL = { http://dx.doi.org/10.1117/12.150184},
eprint = {}
}

@INPROCEEDINGS{kwon2,
    author = {Young H. Kwon and Niels Da Vitoria Lobo},
    title = {Age Classification from Facial Images},
    booktitle = {In Proc. IEEE Conf. Computer Vision and Pattern Recognition},
    year = {1999},
    pages = {762--767}
}

@proceedings{horng,
author = {Wen-Bing Horng, Cheng-Ping Lee, Chun-Wen Chen},
title = {Classification of Age Groups Based on Facial Features},
journal = {Tamkang Journal of Science and Engineering},
volume = {4 (3)},
year = {2001},
pages = {183 -- 192}
}


@INPROCEEDINGS{hayashi,
author={Hayashi, J. and Yasumoto, M. and Ito, H. and Niwa, Y. and Koshimizu, H.},
booktitle={SICE 2002. Proceedings of the 41st SICE Annual Conference},
title={Age and gender estimation from facial image processing},
year={2002},
month={August},
volume={1},
pages={13-18},
}

@INPROCEEDINGS{lanitis,
author={Lanitis, A.},
booktitle={Digital Signal Processing, 2002. DSP 2002. 2002 14th International Conference on},
title={On the significance of different facial parts for automatic age estimation},
year={2002},
month={},
volume={2},
pages={1027-1030 vol.2},

doi={10.1109/ICDSP.2002.1028265},}

@article{lanitis2,
author={Lanitis, A. and Taylor, C.J. and Cootes, T.F.},
journal={Pattern Analysis and Machine Intelligence, IEEE Transactions on},
title={Toward automatic simulation of aging effects on face images},
year={2002},
month={Apr},
volume={24},
number={4},
pages={442-455},
ISSN={0162-8828},}

@inproceedings{lanitis3,
author={Lanitis, A. and Taylor, C.J.},
booktitle={Automatic Face and Gesture Recognition, 2000. Proceedings. Fourth IEEE International Conference on},
title={Towards automatic face identification robust to ageing variation},
year={2000},
month={},
pages={391-396},
doi={10.1109/AFGR.2000.840664},}

@mastersthesis{statya_big,
    author    = "M. Gandhi",
    title     = "A Method for Automatic Synthesis of Aged Human Facial Images",
    school    = "McGill University",
    type     = "Master's thesis",
    year      = "2004",
    month    = "September",
}

@article{retinex,
    author = {Land, Edwin H.},
    journal = "Scientific American",
    month = "December",
    number = {6},
    pages = {108-128},
    title = {The Retinex Theory of Color Vision},
    volume = "237",
    year = "1977"
}

@ARTICLE{svm_dropout,
author={Eidinger, E. and Enbar, R. and Hassner, T.},
journal={Information Forensics and Security, IEEE Transactions on},
title={Age and Gender Estimation of Unfiltered Faces},
year={2014},
month={Dec},
volume={9},
number={12},
pages={2170-2179},
doi={10.1109/TIFS.2014.2359646},
ISSN={1556-6013},}

@INPROCEEDINGS{viola_jones,
    author = {Paul Viola and Michael Jones},
    title = {Robust Real-time Object Detection},
    booktitle = {International Journal of Computer Vision},
    year = {2001}
}

@inproceedings{zhu_ramanan,
    author = "Zhu, Xiangxin and Ramanan, Deva",
    title = "Face detection, pose estimation and landmark estimation in the wild",
    year = "2012",
    booktitle = "IEEE Conference on Computer Vision and Pattern Recognition (CVPR)"
}

@article{lbp,
        AUTHOR = "Ojala, T. and Pietikainen, M. and Harwood, D.",
        TITLE = "A Comparative Study of Texture Measures with Classification Based
on Feature Distributions",
        JOURNAL = "Pattern Recognition",
        VOLUME = "29",
        YEAR = "1996",
        NUMBER = "1",
        MONTH = "January",
        PAGES = "51-59",
        BIBSOURCE = "http://www.visionbib.com/bibliography/segment373.html#TT44408"
        }

@misc{adience,
    author    = "E. Eidinger, R. Enbar and T. Hassner",
    title     = "Age and Gender Estimation of Unfiltered Faces",
    howpublished = "Submitted to the Transactions on Information Forensics and Security, special issue on Face Recognition in the Wild",
}

@inproceedings{cnn_age_gender,
   author={Gil Levi and Tal Hassner},
   title={Age and Gender Classification Using Convolutional Neural Networks},
   booktitle={IEEE Conf. on Computer Vision and Pattern Recognition (CVPR) workshops},
   month={June},
   year={2015},
}

@article{jsaragih,
 author = {Saragih, Jason M. and Lucey, Simon and Cohn, Jeffrey F.},
 title = {Deformable Model Fitting by Regularized Landmark Mean-Shift},
 journal = {Int. J. Comput. Vision},
 issue_date = {January   2011},
 volume = {91},
 number = {2},
 month = jan,
 year = {2011},
 issn = {0920-5691},
 pages = {200--215},
 numpages = {16},
 url = {http://dx.doi.org/10.1007/s11263-010-0380-4},
 doi = {10.1007/s11263-010-0380-4},
 acmid = {1938021},
 publisher = {Kluwer Academic Publishers},
 address = {Hingham, MA, USA},
 keywords = {Deformable, Mean-shift, Registration},
} 

@article{pitanguy1,
title = "Defining and measuring aging parameters ",
journal = "Applied Mathematics and Computation ",
volume = "78",
number = "2â€“3",
pages = "217 - 227",
year = "1996",
note = "Dynamics and Control ",
issn = "0096-3003",
doi = "http://dx.doi.org/10.1016/0096-3003(96)00016-1",
author = "I. Pitanguy and F. Leta and D. Pamplona and H.I. Weber",
}

@article{pitanguy2,
author = {Pitanguy, Ivo and Pamplona, Djenane and 
Weber, Hans I. and Leta, Fabiana and Salgado, Francisco and Radwanski, Henrique N.
},
year = "1998",
journal = "Plastic and Reconstructive Surgery",
number = "1",
pages = "200-204",
title = "Numerical Modeling of Facial Aging",
volume = "102"
}

@inproceedings{hussein,
  added-at = {2003-07-14T00:00:00.000+0200},
  author = {Hussein, Hussein Karam},
  biburl = {http://www.bibsonomy.org/bibtex/2bd27fbb476d12b263391beeb5d850eed/dblp},
  booktitle = {Shape Modeling International},
  date = {2003-07-14},
  description = {dblp},
  ee = {http://csdl.computer.org/comp/proceedings/smi/2002/1546/00/15460205abs.htm},
  interhash = {bccbf51ebf251ba29a866efaa815d010},
  intrahash = {bd27fbb476d12b263391beeb5d850eed},
  isbn = {0-7695-1546-0},
  keywords = {dblp},
  pages = {205-212},
  publisher = {IEEE Computer Society},
  timestamp = {2003-07-14T00:00:00.000+0200},
  title = {Towards Realistic Facial Modeling and Re-Rendering of Human Skin Aging Animation.},
  year = 2002
}

@article{asm,
 author = {Cootes, T. F. and Taylor, C. J. and Cooper, D. H. and Graham, J.},
 title = {Active Shape Models -- Their Training and Application},
 journal = {Comput. Vis. Image Underst.},
 issue_date = {Jan. 1995},
 volume = {61},
 number = {1},
 month = jan,
 year = {1995},
 issn = {1077-3142},
 pages = {38--59},
 numpages = {22},
 url = {http://dx.doi.org/10.1006/cviu.1995.1004},
 doi = {10.1006/cviu.1995.1004},
 acmid = {206547},
 publisher = {Elsevier Science Inc.},
 address = {New York, NY, USA},
} 

@article{shan,
  added-at = {2011-10-25T00:00:00.000+0200},
  author = {Liu, Zicheng and Zhang, Zhengyou and Shan, Ying},
  biburl = {http://www.bibsonomy.org/bibtex/26f236e0dddc0c34dfa7d1bbe7f0a056b/dblp},
  ee = {http://doi.ieeecomputersociety.org/10.1109/MCG.2004.1297008},
  interhash = {46565def142a60bd76dae474974d5e3c},
  intrahash = {6f236e0dddc0c34dfa7d1bbe7f0a056b},
  journal = {IEEE Computer Graphics and Applications},
  keywords = {dblp},
  number = 3,
  pages = {30-35},
  timestamp = {2011-10-26T11:49:21.000+0200},
  title = {Image-Based Surface Detail Transfer.},
  volume = 24,
  year = 2004
}

@ARTICLE{tiddeman,
author={Tiddeman, B. and Burt, M. and Perrett, D.},
journal={Computer Graphics and Applications, IEEE},
title={Prototyping and transforming facial textures for perception research},
year={2001},
month={Sep},
volume={21},
number={5},
pages={42-50},
doi={10.1109/38.946630},
ISSN={0272-1716},}

@inproceedings{Hassner:ICCV13:ViewFace3D,
 author    = {Tal Hassner},
 title     = {Viewing Real-World Faces in {3D}},
 booktitle = {International Conference on Computer Vision (ICCV)},
 month	=  {Dec.},
 year 	= {2013},
 URL 	= {www.openu.ac.il/home/hassner/projects/ViewFaces3D}
}

@article{DBLP:journals/mva/HassnerAW14,
  author    = {Tal Hassner and
               Liav Assif and
               Lior Wolf},
  title     = {When standard {RANSAC} is not enough: cross-media visual matching
               with hypothesis relevancy},
  journal   = {Mach. Vis. Appl.},
  volume    = {25},
  number    = {4},
  pages     = {971--983},
  year      = {2014},
  url       = {http://dx.doi.org/10.1007/s00138-013-0571-4},
  doi       = {10.1007/s00138-013-0571-4},
  timestamp = {Sun, 27 Apr 2014 19:34:39 +0200},
  biburl    = {http://dblp.uni-trier.de/rec/bib/journals/mva/HassnerAW14},
  bibsource = {dblp computer science bibliography, http://dblp.org}
}


@inproceedings{face_wild,
 author = {Kemelmacher-Shlizerman, Ira and Seitz, Steven M.},
 title = {Face Reconstruction in the Wild},
 booktitle = {Proceedings of the 2011 International Conference on Computer Vision},
 series = {ICCV '11},
 year = {2011},
 isbn = {978-1-4577-1101-5},
 pages = {1746--1753},
 numpages = {8},
 url = {http://dx.doi.org/10.1109/ICCV.2011.6126439},
 doi = {10.1109/ICCV.2011.6126439},
 acmid = {2356525},
 publisher = {IEEE Computer Society},
 address = {Washington, DC, USA},
} 

@InProceedings{hog,
  author       = "Navneet Dalal and Bill Triggs",
  title        = "Histograms of Oriented Gradients for Human Detection",
  booktitle    = "International Conference on Computer Vision \& Pattern Recognition",
  volume       = "2",
  pages        = "886-893",
  month        = "June",
  year         = "2005",
  editor       = "Cordelia Schmid and Stefano Soatto and Carlo Tomasi",
  address      = "INRIA Rh\^one-Alpes, ZIRST-655, av. de l'Europe, Montbonnot-38334",
  keywords     = "LEAR, ACEMEDIA, LAVA",
  url          = "http://lear.inrialpes.fr/pubs/2005/DT05"
}

@article{sift,
 author = {Lowe, David G.},
 title = {Distinctive Image Features from Scale-Invariant Keypoints},
 journal = {Int. J. Comput. Vision},
 issue_date = {November 2004},
 volume = {60},
 number = {2},
 month = nov,
 year = {2004},
 issn = {0920-5691},
 pages = {91--110},
 numpages = {20},
 url = {http://dx.doi.org/10.1023/B:VISI.0000029664.99615.94},
 doi = {10.1023/B:VISI.0000029664.99615.94},
 acmid = {996342},
 publisher = {Kluwer Academic Publishers},
 address = {Hingham, MA, USA},
 keywords = {image matching, invariant features, object recognition, scale invariance},
} 

@article{surf,
 author = {Bay, Herbert and Ess, Andreas and Tuytelaars, Tinne and Van Gool, Luc},
 title = {Speeded-Up Robust Features (SURF)},
 journal = {Comput. Vis. Image Underst.},
 issue_date = {June, 2008},
 volume = {110},
 number = {3},
 month = jun,
 year = {2008},
 issn = {1077-3142},
 pages = {346--359},
 numpages = {14},
 url = {http://dx.doi.org/10.1016/j.cviu.2007.09.014},
 doi = {10.1016/j.cviu.2007.09.014},
 acmid = {1370556},
 publisher = {Elsevier Science Inc.},
 address = {New York, NY, USA},
 keywords = {Camera calibration, Feature description, Interest points, Local features, Object recognition},
} 

@inproceedings{illumination_aware,
 author = {I. Kemelmacher-Shlizerman, S. Suwajanakorn, S. M. Seitz},
 title = {Illumination-Aware Age Progression},
 booktitle = {CVPR},
 year = {2014}
}

@inproceedings{collection_flow,
  author    = {Ira Kemelmacher{-}Shlizerman and
               Steven M. Seitz},
  title     = {Collection flow},
  booktitle = {2012 {IEEE} Conference on Computer Vision and Pattern Recognition,
               Providence, RI, USA, June 16-21, 2012},
  pages     = {1792--1799},
  year      = {2012},
  url       = {http://dx.doi.org/10.1109/CVPR.2012.6247876},
  doi       = {10.1109/CVPR.2012.6247876},
  timestamp = {Tue, 25 Nov 2014 17:05:17 +0100},
  biburl    = {http://dblp.uni-trier.de/rec/bib/conf/cvpr/Kemelmacher-ShlizermanS12},
  bibsource = {dblp computer science bibliography, http://dblp.org}
}

@inproceedings{sift_flow,
 author = {Liu, Ce and Yuen, Jenny and Torralba, Antonio and Sivic, Josef and Freeman, William T.},
 title = {SIFT Flow: Dense Correspondence Across Different Scenes},
 booktitle = {Proceedings of the 10th European Conference on Computer Vision: Part III},
 series = {ECCV '08},
 year = {2008},
 isbn = {978-3-540-88689-1},
 location = {Marseille, France},
 pages = {28--42},
 numpages = {15},
 doi = {10.1007/978-3-540-88690-7_3},
 acmid = {1478176},
 publisher = {Springer-Verlag},
 address = {Berlin, Heidelberg},
} 

@article{simple_flow,
  title = {SimpleFlow: A Non-iterative, Sublinear Optical Flow Algorithm},
  journal = {Computer Graphics Forum (Eurographics 2012)},
  author = {Michael W. Tao and Jiamin Bai and Pushmeet Kohli and Sylvain Paris},
  number = 2,
  month = may,
  volume = 31,
  year = 2012,
  url = {http://graphics.berkeley.edu/papers/Tao-SAN-2012-05/},
}

@article{wired_age,
author = "Olivia Solon",
title = "Software shows your childâ€™s future face",
journal = "Wired UK",
year = "2014",
month = "April",
day = "14",
url = "http://www.wired.co.uk/news/archive/2014-04/14/ageing-faces"
}


@article{telegraph_age,
title = "How will your child age?",
journal = "The Telegraph",
url =  "http://www.telegraph.co.uk/technology/news/10759631/How-will-your-child-age.html"
}

@article{today_age,
author = "Meghan Holohan",
title = "What will I look like at 60? New computer program gives sneak peek",
month = "May",
day = "13",
year = "2014", 
 journal = "TODAY.com",
url = "http://www.today.com/health/what-will-i-look-60-new-computer-program-gives-sneak-2D79656260"
}

@inproceedings{frontalization,
 author    = {Tal Hassner and Shai Harel and Eran Paz and Roee Enbar},
 title     = {Effective Face Frontalization in Unconstrained Images},
 booktitle = {IEEE Conf. on Computer Vision and Pattern Recognition (CVPR)},
 month	=  {June},
 year 	= {2015},
 URL 	= {http://www.openu.ac.il/home/hassner/projects/frontalize}
}

@article{warping,
 author = {Schaefer, Scott and McPhail, Travis and Warren, Joe},
 title = {Image Deformation Using Moving Least Squares},
 journal = {ACM Trans. Graph.},
 issue_date = {July 2006},
 volume = {25},
 number = {3},
 month = jul,
 year = {2006},
 issn = {0730-0301},
 pages = {533--540},
 numpages = {8},
 url = {http://doi.acm.org/10.1145/1141911.1141920},
 doi = {10.1145/1141911.1141920},
 acmid = {1141920},
 publisher = {ACM},
 address = {New York, NY, USA},
 keywords = {deformations, moving least squares, rigid transformations},
} 

@misc{csiro,
    author    = "M. Cox and J. Nuevo and J. Saragih and S. Lucey",
    title     = "CSIRO Face Analysis SDK",
    howpublished = "AFGR",
    year     = "2013"
}
